% Encoding: UTF-8

@TechReport{Almbauer2009,
  author      = {R. Almbauer and H. Eichsleder},
  title       = {{L}oad profiles of non-capacity metered customers of the gas network operators of {A}ustria - {R}evision 2008 ({L}astprofile nicht-leistungsgemessener {K}unden ({HE}, {HM}, {HG}, {PG}, {PK} und {PW}) der {G}asnetzbetreiber {Ö}sterreichs - {Ü}berarbeitung 2008.)},
  institution = {AGCS Gas Clearing and Settlement AG},
  year        = {2009},
  url         = {http://www.agcs.at/agcs/clearing/lastprofile/lp_studie2008.pdf},
}

@Misc{eex2019,
  author       = {{E}uropean {E}nergy {E}xchange},
  title        = {Market data},
  month        = feb,
  year         = {2019},
  organization = {European Energy Exchange},
  url          = {https://mis.eex.com/eod/market_data/},
}

@Misc{OPSD2018a,
  author = {{Open Power System Data}},
  title  = {Data package conventional power plants},
  month  = feb,
  year   = {2018},
  note   = {(Primary data from various sources, for a complete list see URL)},
  url = {https://data.open-power-system-data.org/conventional_power_plants/2018-02-27/},
}

@Misc{OPSD2018b,
  author = {{Open Power System Data}},
  title  = {Data package time series},
  month  = jun,
  year   = {2018},
  note   = {(Primary data from various sources, for a full list see URL)},
  url = {https://data.open-power-system-data.org/time_series/2018-06-30/},
}

@Misc{EControl2003,
  author = {E-Control},
  title  = {Electricity grid including all operating power plants with rated capacity above 5 {MW}},
  month  = jan,
  year   = {2003},
  url    = {https://www.e-control.at/documents/20903/-/-/a5cbb080-11c5-4c7e-a6fb-9d5c54f0620f},
}

@Misc{OeEN2017,
  author = {{Oesterreichs Energie}},
  title  = {{I}nteractive power plant map},
  month  = nov,
  year   = {2017},
  url    = {https://oesterreichsenergie.at/interaktivekraftwerkskarte/},
}

@Misc{OeStat2018,
  author = {{Statistik Austria}},
  title  = {{T}otal energy balance of {A}ustria 1970 to 2016 (detailed information)},
  year   = {2018},
  url    = {https://www.statistik.at/wcm/idc/idcplg?IdcService=GET_NATIVE_FILE&RevisionSelectionMethod=LatestReleased&dDocName=029955},
}

@Misc{AGEB2018,
  author = {{AG Energiebilanzen e.V.}},
  title  = {{P}ower generation by energy source 1970-2017},
  month  = feb,
  year   = {2018},
  url    = {https://ag-energiebilanzen.de/index.php?article_id=29&fileName=20171221_brd_stromerzeugung1990-2017.pdf},
}

@Misc{EIA2018,
  author = {{U.S. Energy Information Administration}},
  title  = {{E}urope {B}rent {S}pot {P}rice {FOB}},
  year   = {2018},
  url    = {https://www.eia.gov/dnav/pet/hist_xls/RBRTEd.xls},
}

@Misc{GMAO2015,
  author       = {{Global Modeling and Assimilation Office (GMAO)}},
  title        = {{ MERRA-2 statD\_2d\_slv\_Nx }},
  howpublished = {2d, Daily, Aggregated Statistics, Single-Level, Assimilation, Single-Level Diagnostics V5.12.4},
  year         = {2015},
  url = {https://disc.gsfc.nasa.gov/datasets/M2SDNXSLV_V5.12.4/summary},
}

@Misc{ENTSOE2018,
  author = {{ENTSO-E}},
  title  = {{ENTSO-E} {T}ransparency {P}latform},
  year   = {2018},
  url = {https://transparency.entsoe.eu},
}

@Misc{UBA_DE2018a,
  author = {{U}mweltbundesamt},
  title  = {Overview on the development of energy-related emissions and fuel use in {G}ermany 1990-2016},
  month  = mar,
  year   = {2018},
  url    = {https://www.umweltbundesamt.de/sites/default/files/medien/376/publikationen/energiebedingte_emissionen_u_brennstoffeinsaetze_in_d_1990-2016.pdf},
}

@Misc{UBA_DE2018b,
  author = {{U}mweltbundesamt},
  title  = {{P}ress release {N}r. 08: {C}limate foot print 2017: {E}missions on the decline, slightly},
  month  = jun,
  year   = {2018},
  url    = {https://www.umweltbundesamt.de/sites/default/files/medien/479/dokumente/pm-2018-08_thg-nahzeitprognose_2017.pdf},
}

@Misc{LandVorarlberg2018,
  author = {{Land Vorarlberg}},
  title  = {{W}asserbuch {O}nline},
  month  = jan,
  year   = {2018},
  url = {http://vogis.cnv.at/atlas/init.aspx?karte=wasserbuch&ks=gewaesser},
}

@Misc{LandTirol2018,
  author = {{Land Tirol}},
  title  = {{W}ater information system {T}yrol},
  month  = jan,
  year   = {2018},
  url    = {https://portal.tirol.gv.at/wisSrvPublic/wis/wbo_ww_search.aspx},
}

@Misc{AGEE2018,
  author = {{Arbeitsgruppe Erneuerbare Energien-Statistik}},
  title  = {Time series for the development of renewable energy sources in {G}ermany},
  month  = feb,
  year   = {2018},
  url    = {https://www.erneuerbare-energien.de/EE/Redaktion/DE/Downloads/zeitreihen-zur-entwicklung-der-erneuerbaren-energien-in-deutschland-1990-2018-en.pdf},
}

@Article{Lise2010,
  author  = {W. Lise and J. Sijm and F. Hobbs},
  title   = {{T}he {I}mpact of the {EU} {ETS} on {P}rices, {P}rofits and {E}missions in the {P}ower {S}ector: {S}imulation {R}esults with the {COMPETES} {EU20} {M}odel},
  journal = {Environmental and Resource Economics},
  year    = {2010},
  volume  = {47},
  number  = {1},
  pages   = {23--44},
}

@Comment{jabref-meta: databaseType:bibtex;}
