% Encoding: UTF-8

@TechReport{Almbauer2009,
  author      = {R. Almbauer and H. Eichsleder},
  title = {Lastprofile nicht-leistungsgemessener Kunden (HE, HM, HG, PG, PK und PW) der Gasnetzbetreiber Österreichs - Überarbeitung 2008.},
  institution = {AGCS Gas Clearing and Settlement AG},
  year        = {2009},
  url = {http://www.agcs.at/agcs/clearing/lastprofile/lp_studie2008.pdf},
}

@Article{Fabra2014,
  author  = {N. Fabra and M. Reguant},
  title   = {Pass-through of Emissions Cost in Electricity Markets},
  journal = {American Economic Review},
  year    = {2014},
  volume  = {104},
  number  = {9},
  pages   = {2872--2899},
}

@Article{Hintermann2016,
  author  = {B. Hintermann},
  title   = {{P}ass-through of {CO}2 {E}mission {C}osts to {H}ourly {E}lectricity {P}rices in {G}ermany},
  journal = {Journal of the Association of Environmental and Resource Economists},
  year    = {2016},
  volume  = {3},
  number  = {4},
  pages   = {857-891},
}

@Article{Huppmann2018,
  author  = {D. Huppmann and S. Siddiqui},
  title   = {An exact solution method for binary equilibrium problems with compensation and the power market uplift problem},
  journal = {European Journal of Operational Research},
  year    = {2018},
  volume  = {266},
  number  = {2},
  pages   = {622-638},
}

@Article{Jouvet2013,
  author  = {P.-A. Jouvet and B. Solier},
  title   = {{A}n overview of {CO}2 cost pass-through to electricity prices in {E}urope},
  journal = {Energy Policy},
  year    = {2013},
  volume  = {61},
  pages   = {1370-1376},
}

@Article{Lijesen2007,
  author  = {M. G. Lijesen},
  title   = {The real-time price elasticity of electricity},
  journal = {Energy Economics},
  year    = {2007},
  volume  = {29},
  number  = {2},
  pages   = {249-258},
}

@Article{Sijm2006,
  author  = {J. Sijm and K. Neuhoff and Y. Chen},
  title   = {{CO}2 cost pass-through and windfall profits in the power sector},
  journal = {Climate Policy},
  year    = {2006},
  volume  = {6},
  number  = {1},
  pages   = {49-72},
}

@Article{Zachmann2008,
  author  = {G. Zachmann and C. von Hirschhausen},
  title   = {First Evidence of Asymmetric Cost Pass-Through of EU Emission Allowances: Examining Wholesale Electricity Prices in Germany},
  journal = {Economic Letters},
  year    = {2008},
  volume  = {99},
  number  = {3},
  pages   = {465-469},
}

@Misc{UNFCCC2015,
  author       = {{United Nations}},
  title        = {{P}aris {A}greement},
  year         = {2015},
  address      = {Paris},
  organization = {United Nations Framework Convention on Climate Change},
  series       = {21st Conference of the Parties},
  url = {https://unfccc.int/sites/default/files/english_paris_agreement.pdf},
}

@Misc{eex2019,
  author       = {{E}uropean {E}nergy {E}xchange},
  title        = {Market data},
  month        = feb,
  year         = {2019},
  organization = {European Energy Exchange},
  url          = {https://mis.eex.com/eod/market_data/},
}

@Misc{OPSD2018a,
  author = {{Open Power System Data}},
  title  = {Data package conventional power plants},
  month  = feb,
  year   = {2018},
  note   = {(Primary data from various sources, for a complete list see URL)},
  url = {https://data.open-power-system-data.org/conventional_power_plants/2018-02-27/},
}

@Misc{OPSD2018b,
  author = {{Open Power System Data}},
  title  = {Data package time series},
  month  = jun,
  year   = {2018},
  note   = {(Primary data from various sources, for a full list see URL)},
  url = {https://data.open-power-system-data.org/time_series/2018-06-30/},
}

@Misc{EControl2003,
  author = {E-Control},
  title = {Stromnetz mit allen in Betrieb befindlichen Kraftwerken der EVU ab einer Engpassleistung von über 5 MW},
  month = jan,
  year = {2003},
  url = {https://www.e-control.at/documents/20903/-/-/a5cbb080-11c5-4c7e-a6fb-9d5c54f0620f},
}

@Misc{OeEN2017,
  author = {{Oesterreichs Energie}},
  title  = {{I}nteraktive {K}raftwerkskarte},
  month  = nov,
  year   = {2017},
  url = {https://oesterreichsenergie.at/interaktivekraftwerkskarte/},
}

@Misc{AGEB2017,
  author = {{AG Energiebilanzen e.V.}},
  title  = {{A}uswertungstabellen zur {E}nergiebilanz {D}eutschland},
  month  = sep,
  year   = {2017},
  url    = {http://www.ag-energiebilanzen.de/index.php?article_id=29&fileName=ausw_25082015_ov.pdf},
}

@Misc{OeStat2018,
  author = {{Statistik Austria}},
  title  = {{G}esamtenergiebilanz {Ö}sterreich 1970 bis 2016 (Detailinformation)},
  year   = {2018},
  url = {https://www.statistik.at/wcm/idc/idcplg?IdcService=GET_NATIVE_FILE&RevisionSelectionMethod=LatestReleased&dDocName=029955},
}

@Misc{AGEB2018,
  author = {{AG Energiebilanzen e.V.}},
  title  = {{S}tromerzeugung nach {E}nergieträgern 1970-2017},
  month  = feb,
  year   = {2018},
  url    = {https://ag-energiebilanzen.de/index.php?article_id=29&fileName=20171221_brd_stromerzeugung1990-2017.pdf},
}

@Misc{EIA2018,
  author = {{U.S. Energy Information Admnistration}},
  title  = {Europe Brent Spot Price FOB},
  year   = {2018},
  url = {https://www.eia.gov/dnav/pet/hist_xls/RBRTEd.xls},
}

@Misc{MPK2017,
  author       = {{M}onopolkomission},
  title        = {{E}nergie 2017: {G}ezielt vorgehen, {S}tückwerk vermeiden},
  howpublished = {Sondergutachten 77},
  year         = {2017},
  url = {https://www.monopolkommission.de/images/PDF/SG/s77_volltext.pdf},
}

@Misc{EEA2017,
  author       = {{European Environment Agency}},
  title        = {{T}rends and {P}rojections in the {EU} {ETS} in 2017},
  howpublished = {Publications Office of the European Union},
  year         = {2017},
  note         = {Luxembourg},
  url = {https://www.eea.europa.eu/publications/trends-and-projections-EU-ETS-2017},
}

@Misc{BMWi2010,
  author = {{Bundesministerium für Wirtschaft und Technologie}},
  title  = {{E}nergiekonzept für eine umweltschonende, zuverlässige und bezahlbare {E}nergieversorgung},
  month  = sep,
  year   = {2010},
  url = {https://www.bmwi.de/Redaktion/DE/Downloads/E/energiekonzept-2010.pdf?__blob=publicationFile&v=3},
}

@Misc{BMU2014,
  author = {{Bundesministerium für Umwelt, Naturschutz, Bau und Reaktorsicherheit}},
  title  = {{T}he {G}erman {G}overnment's {C}limate {A}ction {P}rogramme 2020},
  month  = dec,
  year   = {2014},
  url = {http://www.bmub.bund.de/fileadmin/Daten_BMU/Pools/Broschueren/aktionsprogramm_klimaschutz_2020_broschuere_en_bf.pdf},
}

@Misc{GMAO2015,
  author       = {{Global Modeling and Assimilation Office (GMAO)}},
  title        = {{ MERRA-2 statD\_2d\_slv\_Nx }},
  howpublished = {2d, Daily, Aggregated Statistics, Single-Level, Assimilation, Single-Level Diagnostics V5.12.4},
  year         = {2015},
  url = {https://disc.gsfc.nasa.gov/datasets/M2SDNXSLV_V5.12.4/summary},
}

@Misc{ENTSOE2018,
  author = {{ENTSO-E}},
  title  = {{ENTSO-E} {T}ransparency {P}latform},
  year   = {2018},
  url = {https://transparency.entsoe.eu},
}

@Misc{UBA_DE2018a,
  author = {{U}mweltbundesamt},
  title  = {{Ü}bersicht zur {E}ntwicklung der {E}nergiebedingten {E}missionen und {B}rennstoffeinsätze in {D}eutschland 1990-2016},
  month  = mar,
  year   = {2018},
  url = {https://www.umweltbundesamt.de/sites/default/files/medien/376/publikationen/energiebedingte_emissionen_u_brennstoffeinsaetze_in_d_1990-2016.pdf},
}

@Misc{UBA_DE2018b,
  author = {{U}mweltbundesamt},
  title  = {{P}ressemitteilung {N}r. 08: {K}limabilanz 2017: {E}missionen gehen leicht zurück},
  month  = jun,
  year   = {2018},
  url = {https://www.umweltbundesamt.de/sites/default/files/medien/479/dokumente/pm-2018-08_thg-nahzeitprognose_2017.pdf},
}

@Misc{EEG2017,
  author = {{Deutscher Bundestag}},
  title  = {{R}enewables {E}nergies {A}ct 2017},
  year   = {2014},
  url = {https://www.bmwi.de/Redaktion/EN/Downloads/renewable-energy-sources-act-2017.pdf},
}

@PhdThesis{Nicolosi2012,
  author = {M. Nicolosi},
  title  = {{T}he {E}conomics of {R}enewable {E}lectricity {M}arket {I}ntegration: an empirical and model-based analysis of regulatory frameworks and their impacts on the power market},
  school = {University of Cologne},
  year   = {2012},
  url = {https://kups.ub.uni-koeln.de/4612/1/NicolosiDiss.pdf},
}

@Unpublished{Hirth2015,
  author = {L. Hirth},
  title  = {{M}inimal {T}hermal {G}eneration in {P}ower {S}ystems - inferring private cost parameters from observed firm behaviour},
  note   = {USAEE Working Paper No. 15-203},
  month  = feb,
  year   = {2015},
  url = {https://papers.ssrn.com/sol3/papers.cfm?abstract_id=2558730},
}

@Misc{LandVorarlberg2018,
  author = {{Land Vorarlberg}},
  title  = {{W}asserbuch {O}nline},
  month  = jan,
  year   = {2018},
  url = {http://vogis.cnv.at/atlas/init.aspx?karte=wasserbuch&ks=gewaesser},
}

@Misc{LandTirol2018,
  author = {{Land Tirol}},
  title  = {{W}asser {I}nformationssystem {T}irol},
  month  = jan,
  year   = {2018},
  url = {https://portal.tirol.gv.at/wisSrvPublic/wis/wbo_ww_search.aspx},
}

@Misc{AGEE2018,
  author = {{Arbeitsgruppe Erneuerbare Energien-Statistik}},
  title  = {Zeitreihen zur Entwicklung der erneuerbaren Energien in Deutschland},
  month  = feb,
  year   = {2018},
  url    = {https://www.erneuerbare-energien.de/EE/Redaktion/DE/Downloads/zeitreihen-zur-entwicklung-der-erneuerbaren-energien-in-deutschland-1990-2017.pdf?__blob=publicationFile&v=15},
}

@Article{Chernyavska2008,
  author  = {L. Chernyavs'ka and F. Gulli},
  title   = {Marginal {CO2} cost pass-through under imperfect competition in power markets},
  journal = {Ecological Economics},
  year    = {2008},
  volume  = {68},
  pages   = {408--421},
  doi     = {https://doi.org/10.1016/j.ecolecon.2008.04.017},
}

@Article{Weyl2013,
  author  = {E. G. Weyl and M. Fabinger},
  title   = {{P}ass-{T}hrough as an {E}conomic {T}ool: {P}rinciples of {I}ncidence under {I}mperfect {C}ompetition},
  journal = {Journal of Political Economy},
  year    = {2013},
  volume  = {121},
  number  = {3},
  pages   = {528-583},
  month   = jun,
}

@Unpublished{Honkatukia2006,
  author = {J. Honkatukia and V. Mälkönen and A. Perrels},
  title  = {{I}mpacts of the {E}uropean {E}mission {T}rade {S}ystem on {F}inish {W}holesale {E}lectricity {P}rices},
  note   = {Discussion Papers 405, VATT Institute for Ecponomic Research},
  year   = {2006},
}

@Article{Bonacina2007,
  author  = {M. Bonacina and F. Gulli},
  title   = {{E}lectricity pricing und "carbon emissions trading": {A} dominant firm with competitive fringe model},
  journal = {Energy Policy},
  year    = {2007},
  volume  = {35},
  pages   = {4200--4220},
}

@Article{Chen2008,
  author  = {Y. Chen and J. Sijm and B. F. Hobbs and W. Lise},
  title   = {{I}mplications of {CO2} emissions trading for short-run electricity market outcomes in northwest {E}urope},
  journal = {Journal of Regulatory Economics},
  year    = {2008},
  volume  = {34},
  pages   = {251--281},
  doi     = {10.1007/s11149-008-9069-9},
}

@Article{Lise2010,
  author  = {W. Lise and J. Sijm and F. Hobbs},
  title   = {{T}he {I}mpact of the {EU} {ETS} on {P}rices, {P}rofits and {E}missions in the {P}ower {S}ector: {S}imulation {R}esults with the {COMPETES} {EU20} {M}odel},
  journal = {Environmental and Resource Economics},
  year    = {2010},
  volume  = {47},
  number  = {1},
  pages   = {23--44},
}

@InProceedings{Jenkin1872,
  author    = {F. Jenkin},
  title     = {{O}n the {P}rinciples which {R}egulate the {I}ncidence of {T}axes},
  booktitle = {Proceedings of the Royal Society of Edinburgh},
  year      = {1872},
  volume    = {VII},
  pages     = {618--631},
}

@Article{Pfenninger2017,
  author  = {S. Pfenninger},
  title   = {Dealing with multiple decades of hourly wind and {PV} time series in energy models: {A} comparison of methods to reduce time resolution and the planning implications of inter-annual variability},
  journal = {Applied Energy},
  year    = {2017},
  volume  = {197},
  pages   = {1--13},
  month   = jul,
  doi     = {https://doi.org/10.1016/j.apenergy.2017.03.051},
}

@TechReport{Ernst1999,
  author      = {B. Ernst},
  title       = {Analysis of {W}ind {P}ower {A}ncillary {S}ervices {C}haracteristics with {G}erman 250-{MW} {W}ind {D}ata},
  institution = {National Renewable Energy Laboratory},
  year        = {1999},
  type        = {techreport},
  number      = {NREL/TP-500-26969},
  address     = {1617 Cole Boulevard Golden, Colorado 80401-3393},
  month       = nov,
}

@TechReport{Sijm2005,
  author      = {J. Sijm and S. Bakker and Y. Chen and H. Harmsen and W. Lise},
  title       = {\ce{CO2} price dynamics: {T}he implications of {EU} emissions trading for the price of electricity},
  institution = {Energy research center of the Netherlands},
  year        = {2005},
  type        = {resreport},
  number      = {ECN-C--05-081},
  month       = sep,
}

@Article{Hobbs2004,
  author  = {B. Hobbs and F. Rijkers},
  title   = {{S}trategic {G}eneration {W}ith {C}onjectured {T}ransmission {P}rice {R}esponses in a {M}ixed {T}ransmission {P}ricing {S}ystem -- {P}art {I}: {F}ormulation},
  journal = {IEEE Transactions on power systems},
  year    = {2004},
  volume  = {19},
  number  = {2},
  pages   = {707--717},
  month   = may,
  url     = {https://www.ecn.nl/publications/PdfFetch.aspx?nr=ECN-RX--04-087},
}

@Misc{Parry2018,
  author       = {I. {P}arry and V. {M}ylonas and N. {V}ernon},
  title        = {{M}itigation {P}olicies for the {P}aris {A}greement: {A}n {A}ssessment for {G20} {C}ountries},
  howpublished = {IMF Working Paper WP/18/193},
  month        = aug,
  year         = {2018},
  institution  = {International Monetary Fund},
  journal      = {IMF Working Paper},
  number       = {WP/18/193},
}

@Book{OECD2018,
  title     = {{E}ffective {C}arbon {R}ates 2018: {P}ricing {C}arbon {E}missions {T}hrough {T}axes and {E}missions {T}rading},
  publisher = {{OECD} {P}ublishing},
  year      = {2018},
  author    = {{OECD}},
  doi       = {https://doi.org/https://doi.org/10.1787/9789264305304-en},
  url       = {https://www.oecd-ilibrary.org/content/publication/9789264305304-en},
}

@TechReport{AGEB2018a,
  author      = {{AG Energiebilanzen e.V.}},
  title       = {{A}uswertungstabellen zur {E}nergiebilanz {D}eutschland 1990 bis 2017},
  institution = {{A}rbeitsgemeinschaft {E}nergiebilanzen e.V.},
  year        = {2018},
  month       = jul,
}

@TechReport{AGEB2018b,
  author      = {{AG Energiebilanzen e.V.}},
  title       = {{E}nergieverbrauch in {D}eutschland im {J}ahr 2017},
  institution = {{A}rbeitsgemeinschaft {E}nergiebilanzen e.V.},
  year        = {2018},
  month       = feb,
  url         = {https://ag-energiebilanzen.de/index.php?article_id=29&fileName=ageb_jahresbericht2017_20180315-02_dt.pdf},
}

@Misc{KWKG2016,
  author = {{Deutscher Bundestag}},
  title  = {{G}esetz für die {E}rhaltung, die {M}odernisierung und den {A}usbau der {K}raft-{W}ärme-{K}opplung {(Kraft-Wärme-Kopplungsgesetz - KWKG)}},
  year   = {2015},
}

@TechReport{KommissionWSB2019,
  author      = {{K}ommission {W}achstum, {S}trukturwandel und {B}eschäftigung},
  title       = {Abschlussbericht},
  institution = {{K}ommission {W}achstum, {S}trukturwandel und {B}eschäftigung},
  year        = {2019},
  url         = {https://www.kommission-wsb.de/WSB/Redaktion/DE/Downloads/abschlussbericht-kommission-wachstum-strukturwandel-und-beschaeftigung-2019.pdf},
}

@Comment{jabref-meta: databaseType:bibtex;}
